 @article{Qiao:2017:FCK:3096749.3096828,
  author = {Qiao, Dandan and Zhang, Jin and Wei, Qiang and Chen, Guoqing}, title = {Finding Competitive Keywords from Query Logs to Enhance Search Engine Advertising}, journal = {Inf. Manage.}, issue_date = {June 2017}, volume = {54}, number = {4}, month = jun, year = {2017}, issn = {0378-7206}, pages = {531--543}, numpages = {13}, url = {https://doi.org/10.1016/j.im.2016.11.003}, doi = {10.1016/j.im.2016.11.003}, acmid = {3096828}, publisher = {Elsevier Science Publishers B. V.}, address = {Amsterdam, The Netherlands, The Netherlands}, keywords = {Competitive advertising, Factor graph model, Keywords suggestion, Query logs, Search engine advertising, Topic modeling},}

 @article{Blei:2003:LDA:944919.944937, author = {Blei, David M. and Ng, Andrew Y. and Jordan, Michael I.}, title = {Latent Dirichlet Allocation}, journal = {J. Mach. Learn. Res.}, issue_date = {3/1/2003}, volume = {3}, month = mar, year = {2003}, issn = {1532-4435}, pages = {993--1022}, numpages = {30}, url = {http://dl.acm.org/citation.cfm?id=944919.944937}, acmid = {944937}, publisher = {JMLR.org},}

 @article{robbins1951stochastic, title={A stochastic approximation method}, author={Robbins, Herbert and Monro, Sutton}, journal={The annals of mathematical statistics}, pages={400--407}, year={1951}, publisher={JSTOR}}
